@InProceedings{lindley2015,
  author       = "Lindley, Sam and Morris, J. Garrett",
  editor       = "Vitek, Jan",
  title        = "A Semantics for Propositions as Sessions",
  booktitle    = "Programming Languages and Systems",
  year         = "2015",
  publisher    = "Springer Berlin Heidelberg",
  address      = "Berlin, Heidelberg",
  pages        = "560--584",
  isbn         = "978-3-662-46669-8"
}

@Article{merro2004,
  author       = {Massimo Merro and Davide Sangiorgi},
  title        = {On asynchrony in name-passing calculi},
  journal      = {Mathematical Structures in Computer Science},
  volume       = {14},
  number       = {5},
  pages        = {715--767},
  year         = {2004}
}

@Article{kokke2019,
  author    = {Wen Kokke and
               Fabrizio Montesi and
               Marco Peressotti},
  title     = {Better late than never: a fully-abstract semantics for classical processes},
  journal   = {{PACMPL}},
  volume    = {3},
  number    = {{POPL}},
  pages     = {24:1--24:29},
  year      = {2019},
  url       = {https://dl.acm.org/citation.cfm?id=3290337},
  doi       = {10.1145/3290337}
}

@Article{dardha2018,
  year         = {2018},
  title        = {A New Linear Logic for Deadlock-Free Session-Typed Processes},
  author       = {Dardha, Ornela and Gay, Simon}
}

@Article{abramsky1993,
  doi          = {10.1016/0304-3975(93)90181-r},
  url          = {http://dx.doi.org/10.1016/0304-3975(93)90181-R},
  year         = {1993},
  month        = {apr},
  publisher    = {Elsevier {BV}},
  volume       = {111},
  number       = {1-2},
  pages        = {3--57},
  author       = {Samson Abramsky},
  title        = {Computational interpretations of linear logic},
  journal      = {Theoretical Computer Science}
}

@Article{abramsky1994,
  doi          = {10.1016/0304-3975(94)00103-0},
  url          = {http://dx.doi.org/10.1016/0304-3975(94)00103-0},
  year         = {1994},
  month        = {dec},
  publisher    = {Elsevier {BV}},
  volume       = {135},
  number       = {1},
  pages        = {5--9},
  author       = {Samson Abramsky},
  title        = {Proofs as processes},
  journal      = {Theoretical Computer Science}
}

@Unpublished{allais2015,
  author       = {Allais, Guillaume and McBride, Conor},
  title        = {Certified Proof Search for Intuitionistic Linear Logic},
  howpublished = {Unpublished},
  year         = {2015},
  month        = {feb}
}

@InProceedings{atkey2016,
  title        = {Conflation Confers Concurrency},
  author       = {Robert Atkey and Sam Lindley and J. Garrett Morris},
  year         = {2016},
  doi          = {10.1007/978-3-319-30936-1_2},
  url          = {http://dx.doi.org/10.1007/978-3-319-30936-1_2},
  booktitle    = {A List of Successes That Can Change the World: Essays
		  Dedicated to Philip Wadler on the Occasion of His 60th
		  Birthday},
  series       = {Lecture Notes in Computer Science},
  editor       = {Lindley, Sam and McBride, Conor and Trinder, Phil and
		  Sannella, Don}
}

@Article{avron1987,
  title        = {A constructive analysis of RM},
  volume       = {52},
  doi          = {10.2307/2273828},
  number       = {4},
  journal      = {Journal of Symbolic Logic},
  publisher    = {Cambridge University Press},
  author       = {Avron, Arnon},
  year         = {1987},
  pages        = {939â€“951}
}

@article{Avron1991,
  doi          = {10.1007/bf01531058},
  url          = {https://doi.org/10.1007/bf01531058},
  year         = {1991},
  month        = {sep},
  publisher    = {Springer Nature},
  volume       = {4},
  number       = {3-4},
  pages        = {225--248},
  author       = {Arnon Avron},
  title        = {Hypersequents,  logical consequence and intermediate logics for concurrency},
  journal      = {Annals of Mathematics and Artificial Intelligence},
}


@Article{bellin1994,
  doi          = {10.1016/0304-3975(94)00104-9},
  url          = {http://dx.doi.org/10.1016/0304-3975(94)00104-9},
  year         = {1994},
  month        = {dec},
  publisher    = {Elsevier {BV}},
  volume       = {135},
  number       = {1},
  pages        = {11--65},
  author       = {G. Bellin and P.J. Scott},
  title        = {On the \textpi-calculus and linear logic},
  journal      = {Theoretical Computer Science}
}

@Article{burstall1969,
  doi          = {10.1093/comjnl/12.1.41},
  url          = {http://dx.doi.org/10.1093/comjnl/12.1.41},
  year         = {1969},
  month        = {feb},
  publisher    = {Oxford University Press ({OUP})},
  volume       = {12},
  number       = {1},
  pages        = {41--48},
  author       = {R. M. Burstall},
  title        = {Proving Properties of Programs by Structural Induction},
  journal      = {The Computer Journal}
}

@InCollection{caires2010,
  author       = {Caires, Lu{\'i}s and Pfenning, Frank},
  title        = {Session Types as Intuitionistic Linear Propositions},
  booktitle    = {CONCUR 2010 -- Concurrency Theory: 21th International Conference, CONCUR 2010, Paris, France, August 31--September 3, 2010. Proceedings},
  year         = {2010},
  publisher    = {Springer Berlin Heidelberg},
  address      = {Berlin, Heidelberg},
  pages        = {222--236},
  isbn         = {978-3-642-15375-4},
  doi          = {10.1007/978-3-642-15375-4_16},
  url          = {http://dx.doi.org/10.1007/978-3-642-15375-4_16}
}

@InProceedings{caires2014,
  author       = {Caires, Lu{\'i}s},
  editor       = {Abadi, Martin and Gardner, Philippa and Gordon, Andy and Mardare, Radu},
  title        = {Types and Logic, Concurrency and Non-Determinism},
  booktitle    = {Essays for the Luca Cardelli Fest},
  year         = {2014},
  month        = 9,
  publisher    = {Microsoft Research},
  url          = {https://www.microsoft.com/en-us/research/publication/essays-for-the-luca-cardelli-fest/}
}

@InProceedings{caires2017,
  author       = {Caires, Lu{\'i}s and P{\'e}rez, Jorge A.},
  title        = {Linearity, Control Effects, and Behavioral Types},
  booktitle    = {Programming Languages and Systems -- 26th European
		  Symposium on Programming, {ESOP} 2017, Held as Part of the
		  European Joint Conferences on Theory and Practice of
		  Software, {ETAPS} 2017, Uppsala, Sweden, April 22-29, 2017,
		  Proceedings},
  year         = {2017},
  month        = 4,
  publisher    = {Springer}
}

@InProceedings{carbone2016,
  author       =	{Marco Carbone and Sam Lindley and Fabrizio Montesi and Carsten Sch{\"u}rmann and Philip Wadler},
  title        =	{{Coherence Generalises Duality: A Logical Explanation of Multiparty Session Types}},
  booktitle    =	{27th International Conference on Concurrency Theory (CONCUR 2016)},
  pages        =	{33:1--33:15},
  series       =	{Leibniz International Proceedings in Informatics (LIPIcs)},
  ISBN         =	{978-3-95977-017-0},
  ISSN         =	{1868-8969},
  year         =	{2016},
  volume       =	{59},
  editor       =	{Jos{\'e}e Desharnais and Radha Jagadeesan},
  publisher    =	{Schloss Dagstuhl--Leibniz-Zentrum fuer Informatik},
  address      =	{Dagstuhl, Germany},
  URL          =		{http://drops.dagstuhl.de/opus/volltexte/2016/6181},
  URN          =		{urn:nbn:de:0030-drops-61811},
  doi          =		{10.4230/LIPIcs.CONCUR.2016.33},
  annote       =	{Keywords: Multiparty Session Types, Linear Logic, Propositions as Types}
}

@Article{dardha2015,
  doi          = {10.4204/eptcs.190.1},
  url          = {http://dx.doi.org/10.4204/EPTCS.190.1},
  year         = {2015},
  month        = {aug},
  publisher    = {Open Publishing Association},
  volume       = {190},
  pages        = {1--15},
  author       = {Ornela Dardha and Jorge A. P{\'{e}}rez},
  title        = {Comparing Deadlock-Free Session Typed Processes},
  journal      = {Electronic Proceedings in Theoretical Computer Science}
}

@inproceedings{honda1998,
  author       = {Kohei Honda and Vasco Thudichum Vasconcelos and Makoto Kubo},
  title        = {Language Primitives and Type Discipline for Structured Communication-Based Programming},
  booktitle    = {Programming Languages and Systems - ESOP'98, 7th European Symposium on Programming, Held as Part of the European Joint Conferences on the Theory and Practice of Software, ETAPS'98, Lisbon, Portugal, March 28 - April 4, 1998, Proceedings},
  pages        = {122--138},
  year         = {1998},
  url          = {https://doi.org/10.1007/BFb0053567},
  doi          = {10.1007/BFb0053567},
  timestamp    = {Tue, 23 May 2017 11:53:58 +0200},
}

@article{kobayashi1999,
  doi          = {10.1145/330249.330251},
  url          = {https://doi.org/10.1145/330249.330251},
  year         = {1999},
  month        = {sep},
  publisher    = {Association for Computing Machinery ({ACM})},
  volume       = {21},
  number       = {5},
  pages        = {914--947},
  author       = {Naoki Kobayashi and Benjamin C. Pierce and David N. Turner},
  title        = {Linearity and the pi-calculus},
  journal      = {{ACM} Transactions on Programming Languages and Systems}
}

@article{dardha2017,
  author       = {Ornela Dardha and Elena Giachino and Davide Sangiorgi},
  title        = {Session types revisited},
  journal      = {Inf. Comput.},
  volume       = {256},
  pages        = {253--286},
  year         = {2017},
  url          = {https://doi.org/10.1016/j.ic.2017.06.002},
  doi          = {10.1016/j.ic.2017.06.002},
  timestamp    = {Fri, 06 Oct 2017 16:39:39 +0200},
  biburl       = {http://dblp.org/rec/bib/journals/iandc/DardhaGS17},
  bibsource    = {dblp computer science bibliography, http://dblp.org}
}

@Article{gay2009,
  doi          = {10.1017/s0956796809990268},
  url          = {http://dx.doi.org/10.1017/S0956796809990268},
  year         = {2009},
  month        = {dec},
  publisher    = {Cambridge University Press ({CUP})},
  volume       = {20},
  number       = {01},
  pages        = {19},
  author       = {Simon J. Gay and Vasco T. Vasconcelos},
  title        = {Linear type theory for asynchronous session types},
  journal      = {Journal of Functional Programming}
}

@Article{girard1987,
  doi          = {10.1016/0304-3975(87)90045-4},
  url          = {http://dx.doi.org/10.1016/0304-3975(87)90045-4},
  year         = {1987},
  publisher    = {Elsevier {BV}},
  volume       = {50},
  number       = {1},
  pages        = {1--101},
  author       = {Jean-Yves Girard},
  title        = {Linear logic},
  journal      = {Theoretical Computer Science}
}

@Article{girard1992,
  author       = {Girard, Jean-Yves and Scedrov, Andre and Scott, Philip
		  J.},
  title        = {Bounded Linear Logic: A Modular Approach to
		  Polynomial-time Computability},
  journal      = {Theor. Comput. Sci.},
  issue_date   = {April 20, 1992},
  volume       = {97},
  number       = {1},
  month        = apr,
  year         = {1992},
  issn         = {0304-3975},
  pages        = {1--66},
  numpages     = {66},
  url          = {http://dx.doi.org/10.1016/0304-3975(92)90386-T},
  doi          = {10.1016/0304-3975(92)90386-T},
  acmid        = {131850},
  publisher    = {Elsevier Science Publishers Ltd.},
  address      = {Essex, UK}
}

@InCollection{honda1993,
  doi          = {10.1007/3-540-57208-2_35},
  url          = {http://dx.doi.org/10.1007/3-540-57208-2_35},
  year         = {1993},
  publisher    = {Springer Nature},
  pages        = {509--523},
  author       = {Kohei Honda},
  title        = {Types for dyadic interaction},
  booktitle    = {{CONCUR}{\textquotesingle}93}
}

@article{honda2016,
 author        = {Honda, Kohei and Yoshida, Nobuko and Carbone, Marco},
 title         = {Multiparty Asynchronous Session Types},
 journal       = {J. ACM},
 issue_date    = {March 2016},
 volume        = {63},
 number        = {1},
 month         = mar,
 year          = {2016},
 issn          = {0004-5411},
 pages         = {9:1--9:67},
 articleno     = {9},
 numpages      = {67},
 url           = {http://doi.acm.org/10.1145/2827695},
 doi           = {10.1145/2827695},
 acmid         = {2827695},
 publisher     = {ACM},
 address       = {New York, NY, USA},
 keywords      = {Session types, global protocols, global types, progress, projection, the pi-calculus},
}

@Conference{kokke2015,
  title        = {Formalising Type-Logical Grammar in Agda},
  author       = {Kokke, Pepijn},
  howpublished = {Paper presented at TYTLES 2015, as part of ESSLLI,
		  Barcelona},
  year         = {2015},
  url          = {http://www.lirmm.fr/tytles/Articles/Kokke.pdf},
  language     = {English}
}

@Article{lago2010,
  author       = {Ugo Dal Lago and Martin Hofmann},
  title        = {Bounded Linear Logic, Revisited},
  journal      = {Logical Methods in Computer Science},
  volume       = {6},
  number       = {4},
  year         = {2010},
  url          = {http://dx.doi.org/10.2168/LMCS-6(4:7)2010},
  doi          = {10.2168/LMCS-6(4:7)2010},
  timestamp    = {Tue, 05 Nov 2013 17:32:56 +0100}
}

@InProceedings{lee2001,
  doi          = {10.1145/360204.360210},
  url          = {http://dx.doi.org/10.1145/360204.360210},
  year         = {2001},
  publisher    = {Association for Computing Machinery ({ACM})},
  author       = {Chin Soon Lee and Neil D. Jones and Amir M. Ben-Amram},
  title        = {The size-change principle for program termination},
  booktitle    = {Proceedings of the 28th {ACM} {SIGPLAN}-{SIGACT} symposium
		  on Principles of programming languages - {POPL}
		  {\textquotesingle}01}
}

@InCollection{lindley2015semantics,
  doi          = {10.1007/978-3-662-46669-8_23},
  url          = {http://dx.doi.org/10.1007/978-3-662-46669-8_23},
  year         = {2015},
  publisher    = {Springer Nature},
  pages        = {560--584},
  author       = {Sam Lindley and J. Garrett Morris},
  title        = {A Semantics for Propositions as Sessions},
  booktitle    = {Programming Languages and Systems}
}

@Unpublished{lindley2015lightweight,
  title        = {Lightweight Functional Session Types},
  author       = {Lindley, Sam and Morris, J Garrett},
  howpublished = {Unpublished},
  year         = {2015},
  month        = {feb},
  url          = {http://homepages.inf.ed.ac.uk/slindley/papers/fst-draft-february2015.pdf}
}

@InProceedings{lindley2016,
  author       = {Lindley, Sam and Morris, J. Garrett},
  title        = {Talking Bananas: Structural Recursion for Session Types},
  booktitle    = {Proceedings of the 21st ACM SIGPLAN International
		  Conference on Functional Programming},
  series       = {ICFP 2016},
  year         = {2016},
  isbn         = {978-1-4503-4219-3},
  location     = {Nara, Japan},
  pages        = {434--447},
  numpages     = {14},
  url          = {http://doi.acm.org/10.1145/2951913.2951921},
  doi          = {10.1145/2951913.2951921},
  acmid        = {2951921},
  publisher    = {ACM},
  address      = {New York, NY, USA},
  keywords     = {Session types, recursion}
}

@InCollection{mcbride2016,
  doi          = {10.1007/978-3-319-30936-1_12},
  url          = {http://dx.doi.org/10.1007/978-3-319-30936-1_12},
  year         = {2016},
  publisher    = {Springer Nature},
  pages        = {207--233},
  author       = {Conor McBride},
  title        = {I Got Plenty o' Nuttin'},
  booktitle    = {A List of Successes That Can Change the World}
}

@Article{milner1992a,
  doi          = {10.1016/0890-5401(92)90008-4},
  url          = {http://dx.doi.org/10.1016/0890-5401(92)90008-4},
  year         = {1992},
  month        = 9,
  publisher    = {Elsevier {BV}},
  volume       = {100},
  number       = {1},
  pages        = {1--40},
  author       = {Robin Milner and Joachim Parrow and David Walker},
  title        = {A calculus of mobile processes, {I}},
  journal      = {Information and Computation}
}

@Article{milner1992b,
  doi          = {10.1016/0890-5401(92)90009-5},
  url          = {https://doi.org/10.1016/0890-5401(92)90009-5},
  year         = {1992},
  month        = {sep},
  publisher    = {Elsevier {BV}},
  volume       = {100},
  number       = {1},
  pages        = {41--77},
  author       = {Robin Milner and Joachim Parrow and David Walker},
  title        = {A calculus of mobile processes,  {II}},
  journal      = {Information and Computation}
}

@InCollection{milner1993,
  title        = {The polyadic \textpi-calculus: a tutorial},
  author       = {Milner, Robin},
  booktitle    = {Logic and algebra of specification},
  pages        = {203--246},
  year         = {1993},
  publisher    = {Springer}
}

@InCollection{norell2009,
  doi          = {10.1007/978-3-642-04652-0_5},
  url          = {http://dx.doi.org/10.1007/978-3-642-04652-0_5},
  year         = {2009},
  publisher    = {Springer Nature},
  pages        = {230--266},
  author       = {Ulf Norell},
  title        = {Dependently Typed Programming in Agda},
  booktitle    = {Advanced Functional Programming}
}

@article{pottinger1983,
  title        ={Uniform, cut-free formulations of T, S4 and S5},
  author       ={Pottinger, Garrel},
  journal      ={Journal of Symbolic Logic},
  volume       ={48},
  number       ={3},
  pages        ={900},
  year         ={1983}
}

@InCollection{wadler1993,
  doi          = {10.1007/3-540-57182-5_12},
  url          = {http://dx.doi.org/10.1007/3-540-57182-5_12},
  year         = {1993},
  publisher    = {Springer Nature},
  pages        = {185--210},
  author       = {Philip Wadler},
  title        = {A taste of linear logic},
  booktitle    = {Lecture Notes in Computer Science}
}

@InProceedings{wadler2012,
  author       = {Wadler, Philip},
  title        = {Propositions As Sessions},
  booktitle    = {Proceedings of the 17th ACM SIGPLAN International
		  Conference on Functional Programming},
  series       = {ICFP '12},
  year         = {2012},
  isbn         = {978-1-4503-1054-3},
  location     = {Copenhagen, Denmark},
  pages        = {273--286},
  numpages     = {14},
  url          = {http://doi.acm.org/10.1145/2364527.2364568},
  doi          = {10.1145/2364527.2364568},
  acmid        = {2364568},
  publisher    = {ACM},
  address      = {New York, NY, USA},
  keywords     = {lambda calculus, linear logic, pi calculus}
}

@Article{walther1994,
  doi          = {10.1016/0004-3702(94)90063-9},
  url          = {http://dx.doi.org/10.1016/0004-3702(94)90063-9},
  year         = {1994},
  month        = {nov},
  publisher    = {Elsevier {BV}},
  volume       = {71},
  number       = {1},
  pages        = {101--157},
  author       = {Christoph Walther},
  title        = {On proving the termination of algorithms by machine},
  journal      = {Artificial Intelligence}
}

@Article{milner1978,
  doi          = {10.1016/0022-0000(78)90014-4},
  url          = {https://doi.org/10.1016/0022-0000(78)90014-4},
  year         = {1978},
  month        = {dec},
  publisher    = {Elsevier {BV}},
  volume       = {17},
  number       = {3},
  pages        = {348--375},
  author       = {Robin Milner},
  title        = {A theory of type polymorphism in programming},
  journal      = {Journal of Computer and System Sciences}
}

@Article{sangiorgi1996,
  doi          = {10.1016/0304-3975(96)00075-8},
  url          = {https://doi.org/10.1016/0304-3975(96)00075-8},
  year         = {1996},
  publisher    = {Elsevier {BV}},
  volume       = {167},
  number       = {1-2},
  pages        = {235--274},
  author       = {Davide Sangiorgi},
  title        = {\textpi-calculus, internal mobility, and agent-passing calculi},
  journal      = {Theoretical Computer Science}
}

@Article{boreale1998,
  doi          = {10.1016/s0304-3975(97)00220-x},
  url          = {https://doi.org/10.1016/s0304-3975(97)00220-x},
  year         = {1998},
  month        = 3,
  publisher    = {Elsevier {BV}},
  volume       = {195},
  number       = {2},
  pages        = {205--226},
  author       = {Michele Boreale},
  title        = {On the expressiveness of internal mobility in name-passing calculi},
  journal      = {Theoretical Computer Science}
}
@InCollection{baelde2007,
  doi          = {10.1007/978-3-540-75560-9_9},
  url          = {https://doi.org/10.1007/978-3-540-75560-9_9},
  publisher    = {Springer Nature},
  pages        = {92--106},
  author       = {David Baelde and Dale Miller},
  year         = {2007},
  title        = {Least and Greatest Fixed Points in Linear Logic},
  booktitle    = {Logic for Programming,  Artificial Intelligence,  and Reasoning}
}
@article{kobayashi1998,
  doi          = {10.1145/276393.278524},
  url          = {https://doi.org/10.1145/276393.278524},
  year         = {1998},
  month        = {mar},
  publisher    = {Association for Computing Machinery ({ACM})},
  volume       = {20},
  number       = {2},
  pages        = {436--482},
  author       = {Naoki Kobayashi},
  title        = {A partially deadlock-free typed process calculus},
  journal      = {{ACM} Transactions on Programming Languages and Systems}
}
@article{kobayashi2002,
  doi          = {10.1006/inco.2002.3171},
  url          = {https://doi.org/10.1006/inco.2002.3171},
  year         = {2002},
  month        = {sep},
  publisher    = {Elsevier {BV}},
  volume       = {177},
  number       = {2},
  pages        = {122--159},
  author       = {Naoki Kobayashi},
  title        = {A Type System for Lock-Free Processes},
  journal      = {Information and Computation}
}
@article{kobayashi2005,
  doi          = {10.1007/s00236-005-0179-x},
  url          = {https://doi.org/10.1007/s00236-005-0179-x},
  year         = {2005},
  month        = {oct},
  publisher    = {Springer Nature},
  volume       = {42},
  number       = {4-5},
  pages        = {291--347},
  author       = {Naoki Kobayashi},
  title        = {Type-based information flow analysis for the $\uppi$-calculus},
  journal      = {Acta Informatica}
}
@incollection{kobayashi2006,
  doi          = {10.1007/11817949_16},
  url          = {https://doi.org/10.1007/11817949_16},
  year         = {2006},
  publisher    = {Springer Berlin Heidelberg},
  pages        = {233--247},
  author       = {Naoki Kobayashi},
  title        = {A New Type System for Deadlock-Free Processes},
  booktitle    = {{CONCUR} 2006 {\textendash} Concurrency Theory}
}
@article{kobayashi2010,
  doi          = {10.1145/1745312.1745313},
  url          = {https://doi.org/10.1145/1745312.1745313},
  year         = {2010},
  month        = {may},
  publisher    = {Association for Computing Machinery ({ACM})},
  volume       = {32},
  number       = {5},
  pages        = {1--49},
  author       = {Naoki Kobayashi and Davide Sangiorgi},
  title        = {A hybrid type system for lock-freedom of mobile processes},
  journal      = {{ACM} Transactions on Programming Languages and Systems}
}
@article{honda2002,
  doi          = {10.1145/565816.503281},
  url          = {https://doi.org/10.1145/565816.503281},
  year         = {2002},
  month        = {jan},
  publisher    = {Association for Computing Machinery ({ACM})},
  volume       = {37},
  number       = {1},
  pages        = {81--92},
  author       = {Kohei Honda and Nobuko Yoshida},
  title        = {A uniform type structure for secure information flow},
  journal      = {{ACM} {SIGPLAN} Notices}
}
@incollection{yoshida1996,
  doi          = {10.1007/3-540-62034-6_64},
  url          = {https://doi.org/10.1007/3-540-62034-6_64},
  year         = {1996},
  publisher    = {Springer Berlin Heidelberg},
  pages        = {371--386},
  author       = {Nobuko Yoshida},
  title        = {Graph types for monadic mobile processes},
  booktitle    = {Lecture Notes in Computer Science}
}
@InBook{paykin2016,
  author       = "Paykin, Jennifer and Zdancewic, Steve",
  editor       = "Lindley, Sam and McBride, Conor and Trinder, Phil and Sannella, Don",
  title        = "Linear \textlambda\textmu~is \textsc{CP} (more or less)",
  bookTitle    = "A List of Successes That Can Change the World: Essays Dedicated to Philip Wadler on the Occasion of His 60th Birthday",
  year         = "2016",
  publisher    = "Springer International Publishing",
  address      = "Cham",
  pages        = "273--291",
  isbn         = "978-3-319-30936-1",
  doi          = "10.1007/978-3-319-30936-1_15",
  url          = "https://doi.org/10.1007/978-3-319-30936-1_15"
}
@article{moortgat1996,
  ISSN         = {09258531, 15729583},
  URL          = {http://www.jstor.org/stable/40180167},
  author       = {Michael Moortgat},
  journal      = {Journal of Logic, Language, and Information},
  number       = {3/4},
  pages        = {349-385},
  publisher    = {Springer},
  title        = {Multimodal Linguistic Inference},
  volume       = {5},
  year         = {1996}
}

@article{carbone2018,
  author       = {Marco Carbone and Fabrizio Montesi and Carsten Sch{\"{u}}rmann},
  title        = {Choreographies, logically},
  journal      = {Distributed Computing},
  volume       = {31},
  number       = {1},
  pages        = {51--67},
  year         = {2018},
  url          = {https://doi.org/10.1007/s00446-017-0295-1},
  doi          = {10.1007/s00446-017-0295-1},
  timestamp    = {Thu, 25 Jan 2018 11:13:07 +0100},
}